@article{mikolov2013efficient,
  title={Efficient estimation of word representations in vector space},
  author={Mikolov, Tomas and Chen, Kai and Corrado, Greg and Dean, Jeffrey},
  journal={arXiv preprint arXiv:1301.3781},
  year={2013}
}

@article{bojanowski2016enriching,
	title={Enriching Word Vectors with Subword Information},
	author={Bojanowski, Piotr and Grave, Edouard and Joulin, Armand and Mikolov, Tomas},
	journal={arXiv preprint arXiv:1607.04606},
	year={2016}
}

@article{steinmann,
	title={Directed graph visualization of EPFLâ€™s course catalogue using D3.js},
	author={Steinmann, Raphael},
	year={2018}
}